@article{almousa-2019,
	author = {Almousa, Omamah and Prates, Joana and Yeslam, Noor and Mac Gregor, Dougal and Zhang, Junsong and Phan, Viet Hong and Nielsen, Marc and Smith, Richard D. and Qayumi, Karim},
	journal = {Simulation \& Gaming},
	month = {1},
	number = {1},
	pages = {6--22},
	publisher = {SAGE Publishing},
	title = {{Virtual Reality Simulation Technology for Cardiopulmonary Resuscitation Training: An Innovative Hybrid System With Haptic Feedback}},
	volume = {50},
	year = {2019},
	doi = {10.1177/1046878118820905},
	url = {https://journals.sagepub.com/doi/pdf/10.1177/1046878118820905},
}
@misc{Cardiac-Arrest-vs-Heart-Attack-Infographic,
	title = {{Cardiac Arrest vs Heart Attack Infographic}},
	url = {https://cpr.heart.org/en/resources/cardiac-arrest-vs-heart-attack},
}
@article{cason-2011,
	author = {Cason, Carolyn L. and Stiller, Janeth J.},
	journal = {Health Education Journal},
	month = {12},
	number = {4},
	pages = {},
	publisher = {SAGE Publishing},
	title = {{Performance outcomes of an online first aid and CPR course for laypersons}},
	volume = {70},
	year = {2011},
	doi = {10.1177/0017896910379696},
	url = {https://journals.sagepub.com/doi/10.1177/0017896910379696},
}

@misc{Aishwarya-Kelkar-2020,
	author = {Dr Aishwarya Kelkar Medical Lectures},
	month = {5},
	title = {{Cardiopulmonary resuscitation (CPR): Simple steps to save a life - First Aid Training video}},
	year = {2020},
	url = {https://www.youtube.com/watch?v=8YREVVM2n7g},
}
@article{hubail-2022,
	author = {Hubail, Dalal and Mondal, Ankita and Al-Jabir, Ahmed and Patel, Bijendra},
	journal = {Annals of medicine and surgery},
	month = {1},
	pages = {103241},
	publisher = {Elsevier BV},
	title = {{Comparison of a virtual reality compression-only Cardiopulmonary Resuscitation (CPR) course to the traditional course with content validation of the VR course – A randomized control pilot study}},
	volume = {73},
	year = {2022},
	doi = {10.1016/j.amsu.2022.103241},
	url = {https://doi.org/10.1016/j.amsu.2022.103241},
}
@article{issleib-2021,
	author = {Issleib, Malte and Kromer, Alina and Pinnschmidt, Hans O. and Süss-Havemann, Christoph and Kubitz, Jens C.},
	journal = {Scandinavian Journal of Trauma, Resuscitation and Emergency Medicine},
	month = {2},
	number = {1},
    pages = {},
	publisher = {Springer Science+Business Media},
	title = {{Virtual reality as a teaching method for resuscitation training in undergraduate first year medical students: a randomized controlled trial}},
	volume = {29},
	year = {2021},
	doi = {10.1186/s13049-021-00836-y},
	url = {https://sjtrem.biomedcentral.com/counter/pdf/10.1186/s13049-021-00836-y},
}
@article{lactona-2021,
	author = {Lactona, Iil Dwi and Suryanto, Suryanto},
	journal = {Journal of Public Health Research},
	month = {4},
	number = {2},
	pages = {jphr.2021.2208},
	publisher = {PAGEPress (Italy)},
	title = {{Efficacy and Knowledge of Conducting Cpr through Online Learning during the Covid-19 Pandemic: A Literature Review}},
	volume = {10},
	year = {2021},
	doi = {10.4081/jphr.2021.2208},
	url = {https://doi.org/10.4081/jphr.2021.2208},
}
@article{lewinson-2003,
	author = {Lewinson, Jennifer and Rehberg, Robb S.},
	journal = {Athletic training education journal},
	month = {1},
	number = {3},
	pages = {98--103},
	publisher = {Journal of Athletic Training/NATA},
	title = {{Classroom Versus Computer-based CPR Training: A Comparison of the Effectiveness of Two Instructional Methods}},
	volume = {4},
	year = {2003},
	doi = {10.4085/1947-380x-4.3.98},
	url = {https://meridian.allenpress.com/atej/article-pdf/4/3/98/1450754/1947-380x-4_3_98.pdf},
}
@article{nas-2020,
	author = {Nas, Joris and Thannhauser, Jos and Vart, Priya and Van Geuns, Robert-Jan and Muijsers, Hella E C and Mol, Jan A. and Aarts, Goaris W.A. and Konijnenberg, Lara S. F. and Gommans, Frank and Ahoud-Schoenmakers, Sandra G.A.M. and Vos, J. and Van Royen, Niels and Bonnes, Judith L. and Brouwer, Marc A.},
	journal = {JAMA Cardiology},
	month = {3},
	number = {3},
	pages = {328},
	publisher = {American Medical Association},
	title = {{Effect of Face-to-Face vs Virtual Reality Training on Cardiopulmonary Resuscitation Quality}},
	volume = {5},
	year = {2020},
	doi = {10.1001/jamacardio.2019.4992},
	url = {https://jamanetwork.com/journals/jamacardiology/articlepdf/2755877/jamacardiology_nas_2019_oi_190091_1609877330.34876.pdf},
}
@article{nas-2021,
	author = {Nas, Joris and Thannhauser, Jos and Van Geuns, R.J. and Van Royen, Niels and Bonnes, Judith L. and Brouwer, Marc A.},
	journal = {Journal of the American Heart Association},
	month = {1},
	number = {2},
    pages = {},
	publisher = {Wiley},
	title = {{Optimal Combination of Chest Compression Depth and Rate in Virtual Reality Resuscitation Training: A Post Hoc Analysis of the Randomized Lowlands Saves Lives Trial}},
	volume = {10},
	year = {2021},
	doi = {10.1161/jaha.120.017367},
	url = {https://www.ahajournals.org/doi/pdf/10.1161/JAHA.120.017367},
}

@article{pottle-2019,
	author = {Pottle, Jack},
	journal = {Future healthcare journal},
	month = {10},
	number = {3},
	pages = {181--185},
	publisher = {Royal College of Physicians},
	title = {{Virtual reality and the transformation of medical education}},
	volume = {6},
	year = {2019},
	doi = {10.7861/fhj.2019-0036},
	url = {https://www.rcpjournals.org/content/futurehosp/6/3/181.full.pdf},
}
@article{wong-2018,
	author = {Wong, Marie and Chue, Shien and Jong, Michelle and Benny, Ho Wye Kei and Zary, Nabil},
	journal = {Sage Open Medicine},
	month = {9},
	pages = {205031211879960},
	publisher = {SAGE Publishing},
	title = {{Clinical instructors’ perceptions of virtual reality in health professionals’ cardiopulmonary resuscitation education}},
	volume = {6},
	year = {2018},
	doi = {10.1177/2050312118799602},
	url = {https://journals.sagepub.com/doi/pdf/10.1177/2050312118799602},
}
@article{yang-2020,
	author = {Yang, Cheng-Hong and Liu, Shufen and Lin, Chun-Yi and Liu, Chu-Feng},
	journal = {IEEE Access},
	month = {7},
	pages = {120870--120880},
	publisher = {Institute of Electrical and Electronics Engineers},
	title = {{Immersive Virtual Reality-Based Cardiopulmonary Resuscitation Interactive Learning Support System}},
	volume = {8},
	year = {2020},
	doi = {10.1109/access.2020.3006280},
	url = {https://ieeexplore.ieee.org/ielx7/6287639/8948470/09130697.pdf},
}
@article{creutzfeldt-2016,
	author = {Creutzfeldt, Johan and Hedman, Leif and Felländer-Tsai, Li},
	journal = {JMIR serious games},
	month = {12},
	number = {2},
	pages = {e22},
	publisher = {JMIR Publications},
	title = {{Cardiopulmonary Resuscitation Training by Avatars: A Qualitative Study of Medical Students’ Experiences Using a Multiplayer Virtual World}},
	volume = {4},
	year = {2016},
	doi = {10.2196/games.6448},
	url = {https://doi.org/10.2196/games.6448},
}
@article{todd-1998,
	author = {Todd, Knox H. and Braslow, Allan and Brennan, Robert W. and Lowery, Douglas W. and Cox, Robert A. and Lipscomb, Leslie E. and Kellermann, Arthur L.},
	journal = {Annals of Emergency Medicine},
	month = {3},
	number = {3},
	pages = {364--369},
	publisher = {Mosby},
	title = {{Randomized, Controlled Trial of Video Self-Instruction Versus Traditional CPR Training}},
	volume = {31},
	year = {1998},
	doi = {10.1016/s0196-0644(98)70348-8},
}
@article{braslow-1997,
	author = {Braslow, Allan and Brennan, Robert W. and Newman, Mary B. and Bircher, Nicholas G. and Batcheller, Anne M. and Kaye, William},
	journal = {Resuscitation},
	month = {6},
	number = {3},
	pages = {207--220},
	publisher = {Elsevier BV},
	title = {{CPR training without an instructor: development and evaluation of a video self-instructional system for effective performance of cardiopulmonary resuscitation}},
	volume = {34},
	year = {1997},
	doi = {10.1016/s0300-9572(97)01096-4},
}
@article{balian-2019,
	author = {Balian, Steve and McGovern, Shaun K. and Abella, Benjamin S. and Blewer, Audrey L and Leary, Marion},
	journal = {Heliyon},
	month = {8},
	number = {8},
	pages = {e02205},
	publisher = {Elsevier BV},
	title = {{Feasibility of an augmented reality cardiopulmonary resuscitation training system for health care providers}},
	volume = {5},
	year = {2019},
	doi = {10.1016/j.heliyon.2019.e02205},
	url = {https://doi.org/10.1016/j.heliyon.2019.e02205},
}

@article{moll-khosrawi-2022,
	author = {Moll-Khosrawi, Parisa and Falb, Alexander and Pinnschmidt, Hans O. and Zöllner, Christian and Issleib, Malte},
	journal = {BMC Medical Education},
	month = {6},
	number = {1},
    pages = {},
	publisher = {BioMed Central},
	title = {{Virtual reality as a teaching method for resuscitation training in undergraduate first year medical students during COVID-19 pandemic: a randomised controlled trial}},
	volume = {22},
	year = {2022},
	doi = {10.1186/s12909-022-03533-1},
	url = {https://bmcmededuc.biomedcentral.com/counter/pdf/10.1186/s12909-022-03533-1},
}

@article{fierros-2021,
	author = {Fierros, Francisco Javier García and Moreno, Jaime and Cervantes, Gabriel and Matamoros, Oswaldo Morales and Padilla, Ricardo Vasquez},
	journal = {Sensors},
	month = {4},
	number = {7},
	pages = {2504},
	publisher = {MDPI},
	title = {{VirtualCPR: Virtual Reality Mobile Application for Training in Cardiopulmonary Resuscitation Techniques}},
	volume = {21},
	year = {2021},
	doi = {10.3390/s21072504},
	url = {https://www.mdpi.com/1424-8220/21/7/2504/pdf},
}

@article{zheng-2022,
	author = {Zheng, Jianqiao and Liao, Shijun and Deng, Xiaoqian and Zhang, Lu and Wang, Jia and Chen, Guo},
	journal = {BMJ Open},
	month = {2},
	number = {2},
	pages = {e058827},
	publisher = {BMJ},
	title = {{Efficacy of virtual reality techniques in cardiopulmonary resuscitation training: protocol for a meta-analysis of randomised controlled trials and trial sequential analysis}},
	volume = {12},
	year = {2022},
	doi = {10.1136/bmjopen-2021-058827},
	url = {https://bmjopen.bmj.com/content/bmjopen/12/2/e058827.full.pdf},
}

@article{qingyang-2021,
	author = {Qingyang, Tang and Liu, Qian and Liu, Ziwei and Jiang, Shen},
	journal = {Vestnik Ûžno-Uralʹskogo gosudarstvennogo universiteta},
	month = {1},
	number = {2},
	pages = {53--62},
	publisher = {FSAEIHE South Ural State University (National Research University)},
	title = {{Virtual Reality or Video-Based Self-Instruction: Comparing the Learning Outcomes of Cardiopulmonary Resuscitation Training}},
	volume = {13},
	year = {2021},
	doi = {10.14529/ped210205},
	url = {https://vestnik.susu.ru/ped/article/download/10988/8545},
}

@misc{kilin-2022,
	author = {Kilin, Ivan},
	month = {4},
	title = {{The best charts for color blind viewers}},
	year = {2022},
	url = {https://www.datylon.com/blog/data-visualization-for-colorblind-readers#:~:text=Don't\%20forget\%20about\%20people,they're\%20print\%2Dready.},
}

@article{cooper-2006,
	author = {Cooper, Jonas A. and Cooper, Joel D. and Cooper, Joshua M.},
	journal = {Circulation},
	month = {12},
	number = {25},
	pages = {2839--2849},
	publisher = {Lippincott Williams & Wilkins},
	title = {{Cardiopulmonary Resuscitation}},
	volume = {114},
	year = {2006},
	doi = {10.1161/circulationaha.106.610907},
}

@article{vaillancourt-2008,
	author = {Vaillancourt, Christian and Stiell, Ian G. and Wells, George A.},
	journal = {Canadian Journal of Emergency Medicine},
	month = {1},
	number = {01},
	pages = {51--65},
	publisher = {Springer Nature},
	title = {{Understanding and improving low bystander CPR rates: a systematic review of the literature}},
	volume = {10},
	year = {2008},
	doi = {10.1017/s1481803500010010},
	url = {https://www.cambridge.org/core/services/aop-cambridge-core/content/view/5FBE993BBBF04695373E351AA5BE0092/S1481803500010010a.pdf/div-class-title-understanding-and-improving-low-bystander-cpr-rates-a-systematic-review-of-the-literature-div.pdf},
}

@article{ritter-1985,
	author = {Ritter, G. and Wolfe, Robert R. and Goldstein, Sidney and Landis, J. Richard and Vasu, C.Mark and Acheson, A. and Leighton, Richard F. and Medendrop, Sharon VanderBrug},
	journal = {American Heart Journal},
	month = {11},
	number = {5},
	pages = {932--937},
	publisher = {Mosby},
	title = {{The effect of bystander CPR on survival of out-of-hospital cardiac arrest victims}},
	volume = {110},
	year = {1985},
	doi = {10.1016/0002-8703(85)90187-5},
}

@article{seneviratne-2014,
	author = {Seneviratne, Udaya and Ding, Catherine and Bower, Simon and Craig, Simon and Leech, Michelle Theresa and Phan, Thanh G.},
	journal = {Journal of Neurology, Neurosurgery, and Psychiatry},
	month = {1},
	number = {4},
	pages = {466--470},
	publisher = {BMJ},
	title = {{Video-based training improves the accuracy of seizure diagnosis}},
	volume = {85},
	year = {2014},
	doi = {10.1136/jnnp-2013-306618},
}

@article{lau-2019,
	author = {Lau, Ying and Chee, Daniel Guang Hui and Hamid, Zulkarnain Bin Ab and Leong, Benjamin Sieu-Hon and Lau, Siew Tiang},
	journal = {Clinical Simulation in Nursing},
	month = {5},
	pages = {16--24},
	publisher = {Elsevier BV},
	title = {{Interprofessional Simulation–Based Advanced Cardiac Life Support Training: Video-Based Observational Study}},
	volume = {30},
	year = {2019},
	doi = {10.1016/j.ecns.2019.03.001},
}

@article{boecker-2022,
	author = {Boecker, Arne and Bank, Corinna and Kim, Bong-Sung and Aman, Martin and Pears, Kim Hannah and Klasen, Martin and Lambert, Sophie and Sopka, Sasa},
	journal = {Journal of Surgical Education},
	month = {3},
	number = {2},
	pages = {441--451},
	publisher = {Elsevier BV},
	title = {{Video-Assisted Peer Teaching for Surgical Skills Training - Innovative Potential for the Medical Curriculum and Beyond: A Randomized Controlled Trial}},
	volume = {79},
	year = {2022},
	doi = {10.1016/j.jsurg.2021.10.008},
}

@misc{gaddis-1997,
	author = {Gaddis, Tony},
	month = {10},
	title = {{Using Virtual Reality To Bring Your Instruction to Life}},
	year = {1997},
	url = {http://learntechlib.org/p/84014/},
}

@article{riva-2019,
	author = {Riva, Giuseppe and Wiederhold, Brenda K. and Mantovani, Fabrizia},
	journal = {Cyberpsychology, Behavior, and Social Networking},
	month = {1},
	number = {1},
	pages = {82--96},
	publisher = {Mary Ann Liebert, Inc.},
	title = {{Neuroscience of Virtual Reality: From Virtual Exposure to Embodied Medicine.}},
	volume = {22},
	year = {2019},
	doi = {10.1089/cyber.2017.29099.gri},
}

@article{bobrow-2010,
	author = {Bobrow, Bentley J. and Spaite, Daniel W. and Berg, Robert A. and Stolz, Uwe and Sanders, Arthur B. and Kern, Karl B. and Vadeboncoeur, Tyler F. and Clark, Lani and Gallagher, John and Stapczynski, J. Stephan and LoVecchio, Frank and Mullins, Terry and Humble, Will and Ewy, Gordon A.},
	journal = {JAMA},
	month = {10},
	number = {13},
	pages = {1447--54},
	publisher = {American Medical Association},
	title = {{Chest compression-only CPR by lay rescuers and survival from out-of-hospital cardiac arrest.}},
	volume = {304},
	year = {2010},
	doi = {10.1001/jama.2010.1392},
}

@article{bobrow-2011,
	author = {Bobrow, Bentley J. and Vadeboncoeur, Tyler F. and Spaite, Daniel W. and Potts, Jerald and Denninghoff, Kurt R. and Chikani, Vatsal and Brazil, Paula R. and Ramsey, Bob and Abella, Benjamin S.},
	journal = {Circulation-cardiovascular Quality and Outcomes},
	month = {3},
	number = {2},
	pages = {220--226},
	publisher = {Lippincott Williams & Wilkins},
	title = {{The Effectiveness of Ultrabrief and Brief Educational Videos for Training Lay Responders in Hands-Only Cardiopulmonary Resuscitation}},
	volume = {4},
	year = {2011},
	doi = {10.1161/circoutcomes.110.959353},
	url = {https://www.ahajournals.org/doi/pdf/10.1161/CIRCOUTCOMES.110.959353},
}
@article{paglino-2019,
	author = {Paglino, Martina and Baldi, Enrico and Baggiani, Marta and Tonani, Michela and Costantini, Giulia and Bonomo, Maria Grazia},
	journal = {Internal and Emergency Medicine},
	month = {3},
	number = {2},
	pages = {275--279},
	publisher = {Springer Science+Business Media},
	title = {{A video-based training to effectively teach CPR with long-term retention: the ScuolaSalvaVita.it (“SchoolSavesLives.it”) project}},
	volume = {14},
	year = {2019},
	doi = {10.1007/s11739-018-1946-3},
}
@article{abella-2008,
	author = {Abella, Benjamin S. and Aufderheide, Tom P. and Eigel, Brian and Hickey, Robert W. and Longstreth, W. T. and Nadkarni, Vinay M. and Nichol, Graham and Sayre, Michael R. and Sommargren, Claire E. and Hazinski, Mary Fran},
	journal = {Circulation},
	month = {2},
	number = {5},
	pages = {704--709},
	publisher = {Lippincott Williams & Wilkins},
	title = {{Reducing Barriers for Implementation of Bystander-Initiated Cardiopulmonary Resuscitation}},
	volume = {117},
	year = {2008},
	doi = {10.1161/circulationaha.107.188486},
	url = {https://www.ahajournals.org/doi/pdf/10.1161/CIRCULATIONAHA.107.188486},
}
@article{andreatta-2011,
	author = {Andreatta, Pamela and Saxton, Ernest and Thompson, Maureen and Annich, Gail M.},
	journal = {Pediatric Critical Care Medicine},
	month = {1},
	number = {1},
	pages = {33--38},
	publisher = {Lippincott Williams & Wilkins},
	title = {{Simulation-based mock codes significantly correlate with improved pediatric patient cardiopulmonary arrest survival rates*}},
	volume = {12},
	year = {2011},
	doi = {10.1097/pcc.0b013e3181e89270},
}
@article{niles-2009,
	author = {Niles, Dana and Sutton, Robert and Donoghue, Aaron and Kalsi, Mandip and Roberts, Kathryn G. and Boyle, Lori and Nishisaki, Akira and Arbogast, Kristy B. and Helfaer, Mark A. and Nadkarni, Vinay M.},
	journal = {Resuscitation},
	month = {8},
	number = {8},
	pages = {909--912},
	publisher = {Elsevier BV},
	title = {{“Rolling Refreshers”: A novel approach to maintain CPR psychomotor skill competence}},
	volume = {80},
	year = {2009},
	doi = {10.1016/j.resuscitation.2009.04.021},
}
@article{perkins-2012,
	author = {Perkins, Gavin D. and Kimani, Peter K. and Bullock, Ian and Clutton-Brock, Thomas H and Davies, Robin P. and Gale, Michael D. and Lam, Jenny K.W. and Lockey, Andrew and Stallard, Nigel},
	journal = {Annals of Internal Medicine},
	month = {7},
	number = {1},
	pages = {19},
	publisher = {American College of Physicians},
	title = {{Improving the Efficiency of Advanced Life Support Training}},
	volume = {157},
	year = {2012},
	doi = {10.7326/0003-4819-157-1-201207030-00005},
}
@article{saidu-2023,
	author = {Saidu, Ahmed and Lee, Khuan and Ismail, Iskasymar and Arulogun, Oyedunni and Lim, Poh Ying},
	journal = {Frontiers in Public Health},
	month = {3},
    pages = {},
	publisher = {Frontiers Media},
	title = {{Effectiveness of video self-instruction training on cardiopulmonary resuscitation retention of knowledge and skills among nurses in north-western Nigeria}},
	volume = {11},
	year = {2023},
	doi = {10.3389/fpubh.2023.1124270},
	url = {https://doi.org/10.3389/fpubh.2023.1124270},
}

@article{jang-2014,
	author = {Jang, Hye Ryoun and Kim, Gi Woon},
	journal = {BMC Medical Education},
	month = {3},
	number = {1},
	publisher = {BioMed Central},
	title = {{Use of online clinical videos for clinical skills training for medical students: benefits and challenges}},
	volume = {14},
	year = {2014},
	doi = {10.1186/1472-6920-14-56},
	url = {https://bmcmededuc.biomedcentral.com/track/pdf/10.1186/1472-6920-14-56},
}

@article{gormley-2009,
	author = {Gormley, Gerry and Collins, Kathleen and Boohan, Margaret and Bickle, Ian and Stevenson, Michael},
	journal = {Medical Teacher},
	month = {7},
	number = {1},
	pages = {e6--e12},
	publisher = {Informa},
	title = {{Is there a place for e-learning in clinical skills? A survey of undergraduate medical students’ experiences and attitudes}},
	volume = {31},
	year = {2009},
	doi = {10.1080/01421590802334317},
}

@misc{statistics-kingdom-2017,
	author = {Statistics Kingdom},
	month = {11},
	title = {{Statistics calculators}},
	year = {2017},
	url = {https://www.statskingdom.com/170median_mann_whitney.html},
}

@article{admin-2019,
	author = {Admin},
	journal = {Sea 2 Sky Safety Training Services},
	month = {10},
	title = {{Sudden Cardiac Arrest Survival Rates: Graphic}},
	year = {2019},
	url = {https://www.sea2skyservices.com/aed/sudden-cardiac-arrest-survival-rates-graphic/},
}